<record><leader>00000cas a2200000 a 4500</leader><controlfield tag="001">13020774</controlfield><controlfield tag="008">860114d19241948fludn ne      0    0eng c</controlfield><datafield ind1=" " ind2=" " tag="010"><subfield code="a">sn 86063022 </subfield></datafield><datafield ind1=" " ind2=" " tag="040"><subfield code="a">KSH</subfield><subfield code="b">eng</subfield><subfield code="c">KSH</subfield><subfield code="d">NPT</subfield><subfield code="d">FUG</subfield><subfield code="d">OCLCQ</subfield><subfield code="d">OCLCF</subfield><subfield code="d">OCLCO</subfield></datafield><datafield ind1=" " ind2=" " tag="012"><subfield code="i">9603</subfield></datafield><datafield ind1="1" ind2=" " tag="029"><subfield code="a">AU@</subfield><subfield code="b">000024689762</subfield></datafield><datafield ind1=" " ind2=" " tag="042"><subfield code="a">pcc</subfield></datafield><datafield ind1=" " ind2=" " tag="043"><subfield code="a">n-us-fl</subfield></datafield><datafield ind1="0" ind2="0" tag="245"><subfield code="a">Winter Haven daily chief.</subfield></datafield><datafield ind1=" " ind2=" " tag="260"><subfield code="a">Winter Haven, Fla. :</subfield><subfield code="b">Florida Chief Pub. Co.</subfield></datafield><datafield ind1=" " ind2=" " tag="300"><subfield code="a">v. :</subfield><subfield code="b">ill. ;</subfield><subfield code="c">58 cm.</subfield></datafield><datafield ind1=" " ind2=" " tag="310"><subfield code="a">Daily (except Sunday)</subfield></datafield><datafield ind1="1" ind2=" " tag="362"><subfield code="a">Began Sept. 15, 1924; ceased in 1948.</subfield></datafield><datafield ind1=" " ind2=" " tag="500"><subfield code="a">M.M. Lee, editor.</subfield></datafield><datafield ind1=" " ind2=" " tag="580"><subfield code="a">Weekly ed. : Florida chief.</subfield></datafield><datafield ind1=" " ind2=" " tag="588"><subfield code="a">Description based on: Vol. 16, no. 254 (June 30, 1927).</subfield></datafield><datafield ind1=" " ind2="0" tag="651"><subfield code="a">Winter Haven (Fla.)</subfield><subfield code="v">Newspapers.</subfield></datafield><datafield ind1=" " ind2="0" tag="651"><subfield code="a">Polk County (Fla.)</subfield><subfield code="v">Newspapers.</subfield></datafield><datafield ind1=" " ind2="7" tag="655"><subfield code="a">Newspapers.</subfield><subfield code="2">fast</subfield><subfield code="0">(OCoLC)fst01423814</subfield></datafield><datafield ind1=" " ind2="7" tag="651"><subfield code="a">Florida</subfield><subfield code="z">Polk County.</subfield><subfield code="2">fast</subfield><subfield code="0">(OCoLC)fst01214944</subfield></datafield><datafield ind1=" " ind2="7" tag="651"><subfield code="a">Florida</subfield><subfield code="z">Winter Haven.</subfield><subfield code="2">fast</subfield><subfield code="0">(OCoLC)fst01215617</subfield></datafield><datafield ind1=" " ind2=" " tag="752"><subfield code="a">United States</subfield><subfield code="b">Florida</subfield><subfield code="c">Polk</subfield><subfield code="d">Winter Haven.</subfield></datafield><datafield ind1="1" ind2=" " tag="775"><subfield code="t">Florida chief</subfield></datafield><datafield ind1="0" ind2="0" tag="780"><subfield code="t">Winter Haven chief</subfield></datafield><datafield ind1="0" ind2="5" tag="780"><subfield code="t">Auburndale news</subfield><subfield code="g">1927</subfield></datafield><datafield ind1="0" ind2="5" tag="780"><subfield code="t">Winter Haven morning sun</subfield><subfield code="g">1927</subfield></datafield><datafield ind1="0" ind2="7" tag="785"><subfield code="t">Winter Haven daily news</subfield></datafield><datafield ind1="0" ind2="7" tag="785"><subfield code="t">Winter Haven daily news-chief</subfield><subfield code="w">(DLC)sn 96027366</subfield><subfield code="w">(OCoLC)1746535</subfield></datafield><datafield ind1=" " ind2=" " tag="850"><subfield code="a">FU</subfield></datafield></record>